@Article{Zdroj,
author = "{S. Hoya White, A. Martin del Rey, G. Rodriguez Sanchez}",
title = "Using Cellular Automata to Simulate Epidemic Diseases",
journal = "Applied Mathematical Sciences",
year = "2017",
url = "https://www.researchgate.net/publication/228819056\_Using\_Cellular\_\\Automata\_to\_Simulate\_Epidemic\_Diseases",
}

@Misc{Masks,
author = "Jeremy Howard",
title = "Face Masks Against COVID-19: An Evidence Review",
howpublished = "online",
cited = "!2020-12-06",
url = "https://www.researchgate.net/publication/340603522\_Face\_Masks\_\\Against\_COVID-19\_An\_Evidence\_Review",
}

@Misc{Zadanie,
title = "Face Masks Against COVID-19: An Evidence Review",
howpublished = "online",
cited = "!2020-11-22",
url = "http://perchta.fit.vutbr.cz/vyuka-ims/24",
}
